%YAML 1.1
%TAG !u! tag:unity3d.com,2011:
--- !u!29 &1
SceneSettings:
  m_ObjectHideFlags: 0
  m_PVSData: 
  m_PVSObjectsArray: []
  m_PVSPortalsArray: []
  m_OcclusionBakeSettings:
    smallestOccluder: 5
    smallestHole: .25
    backfaceThreshold: 100
--- !u!104 &2
RenderSettings:
  m_Fog: 0
  m_FogColor: {r: .5, g: .5, b: .5, a: 1}
  m_FogMode: 3
  m_FogDensity: .00999999978
  m_LinearFogStart: 0
  m_LinearFogEnd: 300
  m_AmbientLight: {r: .200000003, g: .200000003, b: .200000003, a: 1}
  m_SkyboxMaterial: {fileID: 0}
  m_HaloStrength: .5
  m_FlareStrength: 1
  m_FlareFadeSpeed: 3
  m_HaloTexture: {fileID: 0}
  m_SpotCookie: {fileID: 0}
  m_ObjectHideFlags: 0
--- !u!127 &3
LevelGameManager:
  m_ObjectHideFlags: 0
--- !u!157 &4
LightmapSettings:
  m_ObjectHideFlags: 0
  m_LightProbes: {fileID: 0}
  m_Lightmaps: []
  m_LightmapsMode: 1
  m_BakedColorSpace: 0
  m_UseDualLightmapsInForward: 0
  m_LightmapEditorSettings:
    m_Resolution: 50
    m_LastUsedResolution: 0
    m_TextureWidth: 1024
    m_TextureHeight: 1024
    m_BounceBoost: 1
    m_BounceIntensity: 1
    m_SkyLightColor: {r: .860000014, g: .930000007, b: 1, a: 1}
    m_SkyLightIntensity: 0
    m_Quality: 0
    m_Bounces: 1
    m_FinalGatherRays: 1000
    m_FinalGatherContrastThreshold: .0500000007
    m_FinalGatherGradientThreshold: 0
    m_FinalGatherInterpolationPoints: 15
    m_AOAmount: 0
    m_AOMaxDistance: .100000001
    m_AOContrast: 1
    m_LODSurfaceMappingDistance: 1
    m_Padding: 0
    m_TextureCompression: 0
    m_LockAtlas: 0
--- !u!196 &5
NavMeshSettings:
  m_ObjectHideFlags: 0
  m_BuildSettings:
    agentRadius: .5
    agentHeight: 2
    agentSlope: 45
    agentClimb: .400000006
    ledgeDropHeight: 0
    maxJumpAcrossDistance: 0
    accuratePlacement: 0
    minRegionArea: 2
    widthInaccuracy: 16.666666
    heightInaccuracy: 10
  m_NavMesh: {fileID: 0}
--- !u!1 &148202332
GameObject:
  m_ObjectHideFlags: 0
  m_PrefabParentObject: {fileID: 167814, guid: db726217663a41e43ac3fb308f19b789, type: 2}
  m_PrefabInternal: {fileID: 915308250}
  serializedVersion: 4
  m_Component:
  - 224: {fileID: 148202333}
  - 222: {fileID: 148202337}
  - 114: {fileID: 148202336}
  - 114: {fileID: 148202335}
  - 95: {fileID: 148202334}
  - 114: {fileID: 148202338}
  m_Layer: 5
  m_Name: Dragged Tile
  m_TagString: Untagged
  m_Icon: {fileID: 0}
  m_NavMeshLayer: 0
  m_StaticEditorFlags: 0
  m_IsActive: 1
--- !u!224 &148202333
RectTransform:
  m_ObjectHideFlags: 0
  m_PrefabParentObject: {fileID: 22467814, guid: db726217663a41e43ac3fb308f19b789,
    type: 2}
  m_PrefabInternal: {fileID: 915308250}
  m_GameObject: {fileID: 148202332}
  m_LocalRotation: {x: 0, y: 0, z: 0, w: 1}
  m_LocalPosition: {x: 0, y: 0, z: 0}
  m_LocalScale: {x: 1, y: 1, z: 1}
  m_Children: []
  m_Father: {fileID: 502145280}
  m_RootOrder: 1
  m_AnchorMin: {x: .5, y: .5}
  m_AnchorMax: {x: .5, y: .5}
  m_AnchoredPosition: {x: 0, y: 0}
  m_SizeDelta: {x: 100, y: 100}
  m_Pivot: {x: .5, y: .5}
--- !u!95 &148202334
Animator:
  serializedVersion: 3
  m_ObjectHideFlags: 0
  m_PrefabParentObject: {fileID: 9559068, guid: db726217663a41e43ac3fb308f19b789,
    type: 2}
  m_PrefabInternal: {fileID: 915308250}
  m_GameObject: {fileID: 148202332}
  m_Enabled: 1
  m_Avatar: {fileID: 0}
  m_Controller: {fileID: 9100000, guid: 0f7c20a744c4ca643a18b70127fcee27, type: 2}
  m_CullingMode: 0
  m_UpdateMode: 0
  m_ApplyRootMotion: 1
  m_HasTransformHierarchy: 1
  m_AllowConstantClipSamplingOptimization: 1
--- !u!114 &148202335
MonoBehaviour:
  m_ObjectHideFlags: 0
  m_PrefabParentObject: {fileID: 11467814, guid: db726217663a41e43ac3fb308f19b789,
    type: 2}
  m_PrefabInternal: {fileID: 915308250}
  m_GameObject: {fileID: 148202332}
  m_Enabled: 1
  m_EditorHideFlags: 0
  m_Script: {fileID: 11500000, guid: 1f04515089d47d94fabefb07355fa75d, type: 3}
  m_Name: 
  m_EditorClassIdentifier: 
--- !u!114 &148202336
MonoBehaviour:
  m_ObjectHideFlags: 0
  m_PrefabParentObject: {fileID: 11467812, guid: db726217663a41e43ac3fb308f19b789,
    type: 2}
  m_PrefabInternal: {fileID: 915308250}
  m_GameObject: {fileID: 148202332}
  m_Enabled: 1
  m_EditorHideFlags: 0
  m_Script: {fileID: -765806418, guid: f5f67c52d1564df4a8936ccd202a3bd8, type: 3}
  m_Name: 
  m_EditorClassIdentifier: 
  m_Material: {fileID: 0}
  m_Color: {r: 1, g: 1, b: 1, a: .627451003}
  m_Sprite: {fileID: 21300020, guid: 3e30111917fc32446a5e48546adfbe87, type: 3}
  m_Type: 0
  m_PreserveAspect: 0
  m_FillCenter: 1
  m_FillMethod: 4
  m_FillAmount: 1
  m_FillClockwise: 1
  m_FillOrigin: 0
--- !u!222 &148202337
CanvasRenderer:
  m_ObjectHideFlags: 0
  m_PrefabParentObject: {fileID: 22267814, guid: db726217663a41e43ac3fb308f19b789,
    type: 2}
  m_PrefabInternal: {fileID: 915308250}
  m_GameObject: {fileID: 148202332}
--- !u!114 &148202338
MonoBehaviour:
  m_ObjectHideFlags: 0
  m_PrefabParentObject: {fileID: 11445324, guid: db726217663a41e43ac3fb308f19b789,
    type: 2}
  m_PrefabInternal: {fileID: 915308250}
  m_GameObject: {fileID: 148202332}
  m_Enabled: 1
  m_EditorHideFlags: 0
  m_Script: {fileID: 11500000, guid: 1652d612a7c12844ab7d400b26593d46, type: 3}
  m_Name: 
  m_EditorClassIdentifier: 
--- !u!1 &410846084
GameObject:
  m_ObjectHideFlags: 0
  m_PrefabParentObject: {fileID: 175174, guid: 00f0cb25747e6a9468720f3a5378c5cc, type: 2}
  m_PrefabInternal: {fileID: 825030900}
  serializedVersion: 4
  m_Component:
  - 224: {fileID: 410846085}
  - 95: {fileID: 410846086}
  - 114: {fileID: 410846087}
  m_Layer: 5
  m_Name: Board Tile
  m_TagString: Untagged
  m_Icon: {fileID: 0}
  m_NavMeshLayer: 0
  m_StaticEditorFlags: 0
  m_IsActive: 1
--- !u!224 &410846085
RectTransform:
  m_ObjectHideFlags: 0
  m_PrefabParentObject: {fileID: 22475174, guid: 00f0cb25747e6a9468720f3a5378c5cc,
    type: 2}
  m_PrefabInternal: {fileID: 825030900}
  m_GameObject: {fileID: 410846084}
  m_LocalRotation: {x: 0, y: 0, z: 0, w: 1}
  m_LocalPosition: {x: 0, y: 0, z: 0}
  m_LocalScale: {x: 1, y: 1, z: 1}
  m_Children:
  - {fileID: 1612806019}
  - {fileID: 1376974952}
  m_Father: {fileID: 1647462096}
  m_RootOrder: 0
  m_AnchorMin: {x: .5, y: .5}
  m_AnchorMax: {x: .5, y: .5}
  m_AnchoredPosition: {x: 9.53674316e-07, y: -9.53674316e-07}
  m_SizeDelta: {x: 97.5999985, y: 97.5999985}
  m_Pivot: {x: .5, y: .5}
--- !u!95 &410846086
Animator:
  serializedVersion: 3
  m_ObjectHideFlags: 0
  m_PrefabParentObject: {fileID: 9575174, guid: 00f0cb25747e6a9468720f3a5378c5cc,
    type: 2}
  m_PrefabInternal: {fileID: 825030900}
  m_GameObject: {fileID: 410846084}
  m_Enabled: 1
  m_Avatar: {fileID: 0}
  m_Controller: {fileID: 9100000, guid: 31899cbb31c5bb7488c00b707b8bbc58, type: 2}
  m_CullingMode: 0
  m_UpdateMode: 0
  m_ApplyRootMotion: 1
  m_HasTransformHierarchy: 1
  m_AllowConstantClipSamplingOptimization: 1
--- !u!114 &410846087
MonoBehaviour:
  m_ObjectHideFlags: 0
  m_PrefabParentObject: {fileID: 11475174, guid: 00f0cb25747e6a9468720f3a5378c5cc,
    type: 2}
  m_PrefabInternal: {fileID: 825030900}
  m_GameObject: {fileID: 410846084}
  m_Enabled: 1
  m_EditorHideFlags: 0
  m_Script: {fileID: 11500000, guid: 45547369d9b1b024bb9e4a8574b1fa5a, type: 3}
  m_Name: 
  m_EditorClassIdentifier: 
  SpriteTarget: {fileID: 1376974953}
--- !u!1 &502145279
GameObject:
  m_ObjectHideFlags: 0
  m_PrefabParentObject: {fileID: 0}
  m_PrefabInternal: {fileID: 0}
  serializedVersion: 4
  m_Component:
  - 224: {fileID: 502145280}
  - 223: {fileID: 502145283}
  - 114: {fileID: 502145282}
  - 114: {fileID: 502145281}
  m_Layer: 5
  m_Name: Canvas
  m_TagString: Untagged
  m_Icon: {fileID: 0}
  m_NavMeshLayer: 0
  m_StaticEditorFlags: 0
  m_IsActive: 1
--- !u!224 &502145280
RectTransform:
  m_ObjectHideFlags: 0
  m_PrefabParentObject: {fileID: 0}
  m_PrefabInternal: {fileID: 0}
  m_GameObject: {fileID: 502145279}
  m_LocalRotation: {x: 0, y: 0, z: 0, w: 1}
  m_LocalPosition: {x: 0, y: 0, z: 0}
  m_LocalScale: {x: 0, y: 0, z: 0}
  m_Children:
  - {fileID: 1647462096}
  - {fileID: 148202333}
  - {fileID: 2099788167}
  m_Father: {fileID: 0}
  m_RootOrder: 1
  m_AnchorMin: {x: 0, y: 0}
  m_AnchorMax: {x: 0, y: 0}
  m_AnchoredPosition: {x: 0, y: 0}
  m_SizeDelta: {x: 0, y: 0}
  m_Pivot: {x: 0, y: 0}
--- !u!114 &502145281
MonoBehaviour:
  m_ObjectHideFlags: 0
  m_PrefabParentObject: {fileID: 0}
  m_PrefabInternal: {fileID: 0}
  m_GameObject: {fileID: 502145279}
  m_Enabled: 1
  m_EditorHideFlags: 0
  m_Script: {fileID: 1301386320, guid: f5f67c52d1564df4a8936ccd202a3bd8, type: 3}
  m_Name: 
  m_EditorClassIdentifier: 
  ignoreReversedGraphics: 1
  blockingObjects: 0
  m_BlockingMask:
    serializedVersion: 2
    m_Bits: 4294967295
--- !u!114 &502145282
MonoBehaviour:
  m_ObjectHideFlags: 0
  m_PrefabParentObject: {fileID: 0}
  m_PrefabInternal: {fileID: 0}
  m_GameObject: {fileID: 502145279}
  m_Enabled: 1
  m_EditorHideFlags: 0
  m_Script: {fileID: 1980459831, guid: f5f67c52d1564df4a8936ccd202a3bd8, type: 3}
  m_Name: 
  m_EditorClassIdentifier: 
  m_UiScaleMode: 0
  m_ReferencePixelsPerUnit: 100
  m_ScaleFactor: 1
  m_ReferenceResolution: {x: 800, y: 600}
  m_ScreenMatchMode: 0
  m_MatchWidthOrHeight: 0
  m_PhysicalUnit: 3
  m_FallbackScreenDPI: 96
  m_DefaultSpriteDPI: 96
  m_DynamicPixelsPerUnit: 1
--- !u!223 &502145283
Canvas:
  m_ObjectHideFlags: 0
  m_PrefabParentObject: {fileID: 0}
  m_PrefabInternal: {fileID: 0}
  m_GameObject: {fileID: 502145279}
  m_Enabled: 1
  serializedVersion: 2
  m_RenderMode: 1
  m_Camera: {fileID: 0}
  m_PlaneDistance: 100
  m_PixelPerfect: 0
  m_ReceivesEvents: 1
  m_OverrideSorting: 0
  m_OverridePixelPerfect: 0
  m_SortingLayerID: 0
  m_SortingOrder: 0
--- !u!1001 &825030900
Prefab:
  m_ObjectHideFlags: 0
  serializedVersion: 2
  m_Modification:
    m_TransformParent: {fileID: 1647462096}
    m_Modifications:
    - target: {fileID: 22475174, guid: 00f0cb25747e6a9468720f3a5378c5cc, type: 2}
      propertyPath: m_LocalPosition.x
      value: 0
      objectReference: {fileID: 0}
    - target: {fileID: 22475174, guid: 00f0cb25747e6a9468720f3a5378c5cc, type: 2}
      propertyPath: m_LocalPosition.y
      value: 0
      objectReference: {fileID: 0}
    - target: {fileID: 22475174, guid: 00f0cb25747e6a9468720f3a5378c5cc, type: 2}
      propertyPath: m_LocalPosition.z
      value: 0
      objectReference: {fileID: 0}
    - target: {fileID: 22475174, guid: 00f0cb25747e6a9468720f3a5378c5cc, type: 2}
      propertyPath: m_LocalRotation.x
      value: 0
      objectReference: {fileID: 0}
    - target: {fileID: 22475174, guid: 00f0cb25747e6a9468720f3a5378c5cc, type: 2}
      propertyPath: m_LocalRotation.y
      value: 0
      objectReference: {fileID: 0}
    - target: {fileID: 22475174, guid: 00f0cb25747e6a9468720f3a5378c5cc, type: 2}
      propertyPath: m_LocalRotation.z
      value: 0
      objectReference: {fileID: 0}
    - target: {fileID: 22475174, guid: 00f0cb25747e6a9468720f3a5378c5cc, type: 2}
      propertyPath: m_LocalRotation.w
      value: 1
      objectReference: {fileID: 0}
    - target: {fileID: 22475174, guid: 00f0cb25747e6a9468720f3a5378c5cc, type: 2}
      propertyPath: m_RootOrder
      value: 0
      objectReference: {fileID: 0}
    - target: {fileID: 22475174, guid: 00f0cb25747e6a9468720f3a5378c5cc, type: 2}
      propertyPath: m_AnchoredPosition.x
      value: 9.53674316e-07
      objectReference: {fileID: 0}
    - target: {fileID: 22475174, guid: 00f0cb25747e6a9468720f3a5378c5cc, type: 2}
      propertyPath: m_AnchoredPosition.y
      value: -9.53674316e-07
      objectReference: {fileID: 0}
    - target: {fileID: 22475174, guid: 00f0cb25747e6a9468720f3a5378c5cc, type: 2}
      propertyPath: m_SizeDelta.x
      value: 97.5999985
      objectReference: {fileID: 0}
    - target: {fileID: 22475174, guid: 00f0cb25747e6a9468720f3a5378c5cc, type: 2}
      propertyPath: m_SizeDelta.y
      value: 97.5999985
      objectReference: {fileID: 0}
    - target: {fileID: 22475174, guid: 00f0cb25747e6a9468720f3a5378c5cc, type: 2}
      propertyPath: m_AnchorMin.x
      value: .5
      objectReference: {fileID: 0}
    - target: {fileID: 22475174, guid: 00f0cb25747e6a9468720f3a5378c5cc, type: 2}
      propertyPath: m_AnchorMin.y
      value: .5
      objectReference: {fileID: 0}
    - target: {fileID: 22475174, guid: 00f0cb25747e6a9468720f3a5378c5cc, type: 2}
      propertyPath: m_AnchorMax.x
      value: .5
      objectReference: {fileID: 0}
    - target: {fileID: 22475174, guid: 00f0cb25747e6a9468720f3a5378c5cc, type: 2}
      propertyPath: m_AnchorMax.y
      value: .5
      objectReference: {fileID: 0}
    - target: {fileID: 22475174, guid: 00f0cb25747e6a9468720f3a5378c5cc, type: 2}
      propertyPath: m_Pivot.x
      value: .5
      objectReference: {fileID: 0}
    - target: {fileID: 22475174, guid: 00f0cb25747e6a9468720f3a5378c5cc, type: 2}
      propertyPath: m_Pivot.y
      value: .5
      objectReference: {fileID: 0}
    m_RemovedComponents: []
  m_ParentPrefab: {fileID: 100100000, guid: 00f0cb25747e6a9468720f3a5378c5cc, type: 2}
  m_RootGameObject: {fileID: 410846084}
  m_IsPrefabParent: 0
  m_IsExploded: 1
--- !u!1001 &915308250
Prefab:
  m_ObjectHideFlags: 0
  serializedVersion: 2
  m_Modification:
    m_TransformParent: {fileID: 502145280}
    m_Modifications:
    - target: {fileID: 22467814, guid: db726217663a41e43ac3fb308f19b789, type: 2}
      propertyPath: m_LocalPosition.x
      value: 0
      objectReference: {fileID: 0}
    - target: {fileID: 22467814, guid: db726217663a41e43ac3fb308f19b789, type: 2}
      propertyPath: m_LocalPosition.y
      value: 0
      objectReference: {fileID: 0}
    - target: {fileID: 22467814, guid: db726217663a41e43ac3fb308f19b789, type: 2}
      propertyPath: m_LocalPosition.z
      value: 0
      objectReference: {fileID: 0}
    - target: {fileID: 22467814, guid: db726217663a41e43ac3fb308f19b789, type: 2}
      propertyPath: m_LocalRotation.x
      value: 0
      objectReference: {fileID: 0}
    - target: {fileID: 22467814, guid: db726217663a41e43ac3fb308f19b789, type: 2}
      propertyPath: m_LocalRotation.y
      value: 0
      objectReference: {fileID: 0}
    - target: {fileID: 22467814, guid: db726217663a41e43ac3fb308f19b789, type: 2}
      propertyPath: m_LocalRotation.z
      value: 0
      objectReference: {fileID: 0}
    - target: {fileID: 22467814, guid: db726217663a41e43ac3fb308f19b789, type: 2}
      propertyPath: m_LocalRotation.w
      value: 1
      objectReference: {fileID: 0}
    - target: {fileID: 22467814, guid: db726217663a41e43ac3fb308f19b789, type: 2}
      propertyPath: m_RootOrder
      value: 1
      objectReference: {fileID: 0}
    - target: {fileID: 22467814, guid: db726217663a41e43ac3fb308f19b789, type: 2}
      propertyPath: m_AnchoredPosition.x
      value: 0
      objectReference: {fileID: 0}
    - target: {fileID: 22467814, guid: db726217663a41e43ac3fb308f19b789, type: 2}
      propertyPath: m_AnchoredPosition.y
      value: 0
      objectReference: {fileID: 0}
    - target: {fileID: 22467814, guid: db726217663a41e43ac3fb308f19b789, type: 2}
      propertyPath: m_SizeDelta.x
      value: 100
      objectReference: {fileID: 0}
    - target: {fileID: 22467814, guid: db726217663a41e43ac3fb308f19b789, type: 2}
      propertyPath: m_SizeDelta.y
      value: 100
      objectReference: {fileID: 0}
    - target: {fileID: 22467814, guid: db726217663a41e43ac3fb308f19b789, type: 2}
      propertyPath: m_AnchorMin.x
      value: .5
      objectReference: {fileID: 0}
    - target: {fileID: 22467814, guid: db726217663a41e43ac3fb308f19b789, type: 2}
      propertyPath: m_AnchorMin.y
      value: .5
      objectReference: {fileID: 0}
    - target: {fileID: 22467814, guid: db726217663a41e43ac3fb308f19b789, type: 2}
      propertyPath: m_AnchorMax.x
      value: .5
      objectReference: {fileID: 0}
    - target: {fileID: 22467814, guid: db726217663a41e43ac3fb308f19b789, type: 2}
      propertyPath: m_AnchorMax.y
      value: .5
      objectReference: {fileID: 0}
    - target: {fileID: 22467814, guid: db726217663a41e43ac3fb308f19b789, type: 2}
      propertyPath: m_Pivot.x
      value: .5
      objectReference: {fileID: 0}
    - target: {fileID: 22467814, guid: db726217663a41e43ac3fb308f19b789, type: 2}
      propertyPath: m_Pivot.y
      value: .5
      objectReference: {fileID: 0}
    m_RemovedComponents: []
  m_ParentPrefab: {fileID: 100100000, guid: db726217663a41e43ac3fb308f19b789, type: 2}
  m_RootGameObject: {fileID: 148202332}
  m_IsPrefabParent: 0
  m_IsExploded: 1
--- !u!1001 &964803875
Prefab:
  m_ObjectHideFlags: 0
  serializedVersion: 2
  m_Modification:
    m_TransformParent: {fileID: 502145280}
    m_Modifications:
    - target: {fileID: 22457282, guid: fa2839f967bfe824fb2e7bb107834320, type: 2}
      propertyPath: m_LocalPosition.x
      value: 0
      objectReference: {fileID: 0}
    - target: {fileID: 22457282, guid: fa2839f967bfe824fb2e7bb107834320, type: 2}
      propertyPath: m_LocalPosition.y
      value: 0
      objectReference: {fileID: 0}
    - target: {fileID: 22457282, guid: fa2839f967bfe824fb2e7bb107834320, type: 2}
      propertyPath: m_LocalPosition.z
      value: 0
      objectReference: {fileID: 0}
    - target: {fileID: 22457282, guid: fa2839f967bfe824fb2e7bb107834320, type: 2}
      propertyPath: m_LocalRotation.x
      value: 0
      objectReference: {fileID: 0}
    - target: {fileID: 22457282, guid: fa2839f967bfe824fb2e7bb107834320, type: 2}
      propertyPath: m_LocalRotation.y
      value: 0
      objectReference: {fileID: 0}
    - target: {fileID: 22457282, guid: fa2839f967bfe824fb2e7bb107834320, type: 2}
      propertyPath: m_LocalRotation.z
      value: 0
      objectReference: {fileID: 0}
    - target: {fileID: 22457282, guid: fa2839f967bfe824fb2e7bb107834320, type: 2}
      propertyPath: m_LocalRotation.w
      value: 1
      objectReference: {fileID: 0}
    - target: {fileID: 22457282, guid: fa2839f967bfe824fb2e7bb107834320, type: 2}
      propertyPath: m_RootOrder
      value: 2
      objectReference: {fileID: 0}
    - target: {fileID: 22457282, guid: fa2839f967bfe824fb2e7bb107834320, type: 2}
      propertyPath: m_AnchoredPosition.x
      value: 147
      objectReference: {fileID: 0}
    - target: {fileID: 22457282, guid: fa2839f967bfe824fb2e7bb107834320, type: 2}
      propertyPath: m_AnchoredPosition.y
      value: 0
      objectReference: {fileID: 0}
    - target: {fileID: 22457282, guid: fa2839f967bfe824fb2e7bb107834320, type: 2}
      propertyPath: m_SizeDelta.x
      value: 100
      objectReference: {fileID: 0}
    - target: {fileID: 22457282, guid: fa2839f967bfe824fb2e7bb107834320, type: 2}
      propertyPath: m_SizeDelta.y
      value: 100
      objectReference: {fileID: 0}
    - target: {fileID: 22457282, guid: fa2839f967bfe824fb2e7bb107834320, type: 2}
      propertyPath: m_AnchorMin.x
      value: .5
      objectReference: {fileID: 0}
    - target: {fileID: 22457282, guid: fa2839f967bfe824fb2e7bb107834320, type: 2}
      propertyPath: m_AnchorMin.y
      value: .5
      objectReference: {fileID: 0}
    - target: {fileID: 22457282, guid: fa2839f967bfe824fb2e7bb107834320, type: 2}
      propertyPath: m_AnchorMax.x
      value: .5
      objectReference: {fileID: 0}
    - target: {fileID: 22457282, guid: fa2839f967bfe824fb2e7bb107834320, type: 2}
      propertyPath: m_AnchorMax.y
      value: .5
      objectReference: {fileID: 0}
    - target: {fileID: 22457282, guid: fa2839f967bfe824fb2e7bb107834320, type: 2}
      propertyPath: m_Pivot.x
      value: .5
      objectReference: {fileID: 0}
    - target: {fileID: 22457282, guid: fa2839f967bfe824fb2e7bb107834320, type: 2}
      propertyPath: m_Pivot.y
      value: .5
      objectReference: {fileID: 0}
    m_RemovedComponents: []
  m_ParentPrefab: {fileID: 100100000, guid: fa2839f967bfe824fb2e7bb107834320, type: 2}
  m_RootGameObject: {fileID: 2099788163}
  m_IsPrefabParent: 0
  m_IsExploded: 1
--- !u!1 &1376974951
GameObject:
  m_ObjectHideFlags: 0
  m_PrefabParentObject: {fileID: 175172, guid: 00f0cb25747e6a9468720f3a5378c5cc, type: 2}
  m_PrefabInternal: {fileID: 825030900}
  serializedVersion: 4
  m_Component:
  - 224: {fileID: 1376974952}
  - 222: {fileID: 1376974954}
  - 114: {fileID: 1376974953}
  m_Layer: 5
  m_Name: Symbol Image
  m_TagString: Untagged
  m_Icon: {fileID: 0}
  m_NavMeshLayer: 0
  m_StaticEditorFlags: 0
  m_IsActive: 1
--- !u!224 &1376974952
RectTransform:
  m_ObjectHideFlags: 0
  m_PrefabParentObject: {fileID: 22475172, guid: 00f0cb25747e6a9468720f3a5378c5cc,
    type: 2}
  m_PrefabInternal: {fileID: 825030900}
  m_GameObject: {fileID: 1376974951}
  m_LocalRotation: {x: 0, y: 0, z: 0, w: 1}
  m_LocalPosition: {x: 0, y: 0, z: 0}
  m_LocalScale: {x: 1, y: 1, z: 1}
  m_Children: []
  m_Father: {fileID: 410846085}
  m_RootOrder: 1
  m_AnchorMin: {x: 0, y: 0}
  m_AnchorMax: {x: 1, y: 1}
  m_AnchoredPosition: {x: 0, y: 0}
  m_SizeDelta: {x: 0, y: 0}
  m_Pivot: {x: .5, y: .5}
--- !u!114 &1376974953
MonoBehaviour:
  m_ObjectHideFlags: 0
  m_PrefabParentObject: {fileID: 11475172, guid: 00f0cb25747e6a9468720f3a5378c5cc,
    type: 2}
  m_PrefabInternal: {fileID: 825030900}
  m_GameObject: {fileID: 1376974951}
  m_Enabled: 1
  m_EditorHideFlags: 0
  m_Script: {fileID: -765806418, guid: f5f67c52d1564df4a8936ccd202a3bd8, type: 3}
  m_Name: 
  m_EditorClassIdentifier: 
  m_Material: {fileID: 0}
  m_Color: {r: 1, g: 1, b: 1, a: 1}
  m_Sprite: {fileID: 21300016, guid: 3e30111917fc32446a5e48546adfbe87, type: 3}
  m_Type: 3
  m_PreserveAspect: 0
  m_FillCenter: 1
  m_FillMethod: 4
  m_FillAmount: 1
  m_FillClockwise: 1
  m_FillOrigin: 0
--- !u!222 &1376974954
CanvasRenderer:
  m_ObjectHideFlags: 0
  m_PrefabParentObject: {fileID: 22275174, guid: 00f0cb25747e6a9468720f3a5378c5cc,
    type: 2}
  m_PrefabInternal: {fileID: 825030900}
  m_GameObject: {fileID: 1376974951}
--- !u!1 &1384824617
GameObject:
  m_ObjectHideFlags: 0
  m_PrefabParentObject: {fileID: 0}
  m_PrefabInternal: {fileID: 0}
  serializedVersion: 4
  m_Component:
  - 4: {fileID: 1384824621}
  - 114: {fileID: 1384824620}
  - 114: {fileID: 1384824619}
  - 114: {fileID: 1384824618}
  m_Layer: 0
  m_Name: EventSystem
  m_TagString: Untagged
  m_Icon: {fileID: 0}
  m_NavMeshLayer: 0
  m_StaticEditorFlags: 0
  m_IsActive: 1
--- !u!114 &1384824618
MonoBehaviour:
  m_ObjectHideFlags: 0
  m_PrefabParentObject: {fileID: 0}
  m_PrefabInternal: {fileID: 0}
  m_GameObject: {fileID: 1384824617}
  m_Enabled: 1
  m_EditorHideFlags: 0
  m_Script: {fileID: 1997211142, guid: f5f67c52d1564df4a8936ccd202a3bd8, type: 3}
  m_Name: 
  m_EditorClassIdentifier: 
  m_AllowActivationOnStandalone: 0
--- !u!114 &1384824619
MonoBehaviour:
  m_ObjectHideFlags: 0
  m_PrefabParentObject: {fileID: 0}
  m_PrefabInternal: {fileID: 0}
  m_GameObject: {fileID: 1384824617}
  m_Enabled: 1
  m_EditorHideFlags: 0
  m_Script: {fileID: 1077351063, guid: f5f67c52d1564df4a8936ccd202a3bd8, type: 3}
  m_Name: 
  m_EditorClassIdentifier: 
  m_HorizontalAxis: Horizontal
  m_VerticalAxis: Vertical
  m_SubmitButton: Submit
  m_CancelButton: Cancel
  m_InputActionsPerSecond: 10
  m_AllowActivationOnMobileDevice: 0
--- !u!114 &1384824620
MonoBehaviour:
  m_ObjectHideFlags: 0
  m_PrefabParentObject: {fileID: 0}
  m_PrefabInternal: {fileID: 0}
  m_GameObject: {fileID: 1384824617}
  m_Enabled: 1
  m_EditorHideFlags: 0
  m_Script: {fileID: -619905303, guid: f5f67c52d1564df4a8936ccd202a3bd8, type: 3}
  m_Name: 
  m_EditorClassIdentifier: 
  m_FirstSelected: {fileID: 0}
  m_sendNavigationEvents: 1
  m_DragThreshold: 5
--- !u!4 &1384824621
Transform:
  m_ObjectHideFlags: 0
  m_PrefabParentObject: {fileID: 0}
  m_PrefabInternal: {fileID: 0}
  m_GameObject: {fileID: 1384824617}
  m_LocalRotation: {x: 0, y: 0, z: 0, w: 1}
  m_LocalPosition: {x: 0, y: 0, z: 0}
  m_LocalScale: {x: 1, y: 1, z: 1}
  m_Children: []
  m_Father: {fileID: 0}
  m_RootOrder: 2
--- !u!1 &1426053632
GameObject:
  m_ObjectHideFlags: 0
  m_PrefabParentObject: {fileID: 0}
  m_PrefabInternal: {fileID: 0}
  serializedVersion: 4
  m_Component:
  - 4: {fileID: 1426053637}
  - 20: {fileID: 1426053636}
  - 92: {fileID: 1426053635}
  - 124: {fileID: 1426053634}
  - 81: {fileID: 1426053633}
  m_Layer: 0
  m_Name: Main Camera
  m_TagString: MainCamera
  m_Icon: {fileID: 0}
  m_NavMeshLayer: 0
  m_StaticEditorFlags: 0
  m_IsActive: 1
--- !u!81 &1426053633
AudioListener:
  m_ObjectHideFlags: 0
  m_PrefabParentObject: {fileID: 0}
  m_PrefabInternal: {fileID: 0}
  m_GameObject: {fileID: 1426053632}
  m_Enabled: 1
--- !u!124 &1426053634
Behaviour:
  m_ObjectHideFlags: 0
  m_PrefabParentObject: {fileID: 0}
  m_PrefabInternal: {fileID: 0}
  m_GameObject: {fileID: 1426053632}
  m_Enabled: 1
--- !u!92 &1426053635
Behaviour:
  m_ObjectHideFlags: 0
  m_PrefabParentObject: {fileID: 0}
  m_PrefabInternal: {fileID: 0}
  m_GameObject: {fileID: 1426053632}
  m_Enabled: 1
--- !u!20 &1426053636
Camera:
  m_ObjectHideFlags: 0
  m_PrefabParentObject: {fileID: 0}
  m_PrefabInternal: {fileID: 0}
  m_GameObject: {fileID: 1426053632}
  m_Enabled: 1
  serializedVersion: 2
  m_ClearFlags: 1
  m_BackGroundColor: {r: .192156866, g: .301960796, b: .474509805, a: .0196078438}
  m_NormalizedViewPortRect:
    serializedVersion: 2
    x: 0
    y: 0
    width: 1
    height: 1
  near clip plane: .300000012
  far clip plane: 1000
  field of view: 60
  orthographic: 0
  orthographic size: 5
  m_Depth: -1
  m_CullingMask:
    serializedVersion: 2
    m_Bits: 4294967295
  m_RenderingPath: -1
  m_TargetTexture: {fileID: 0}
  m_TargetDisplay: 0
  m_HDR: 0
  m_OcclusionCulling: 1
  m_StereoConvergence: 10
  m_StereoSeparation: .0219999999
--- !u!4 &1426053637
Transform:
  m_ObjectHideFlags: 0
  m_PrefabParentObject: {fileID: 0}
  m_PrefabInternal: {fileID: 0}
  m_GameObject: {fileID: 1426053632}
  m_LocalRotation: {x: 0, y: 0, z: 0, w: 1}
  m_LocalPosition: {x: 0, y: 1, z: -10}
  m_LocalScale: {x: 1, y: 1, z: 1}
  m_Children: []
  m_Father: {fileID: 0}
  m_RootOrder: 0
--- !u!1 &1612806018
GameObject:
  m_ObjectHideFlags: 0
  m_PrefabParentObject: {fileID: 175170, guid: 00f0cb25747e6a9468720f3a5378c5cc, type: 2}
  m_PrefabInternal: {fileID: 825030900}
  serializedVersion: 4
  m_Component:
  - 224: {fileID: 1612806019}
  - 222: {fileID: 1612806021}
  - 114: {fileID: 1612806020}
  m_Layer: 5
  m_Name: Tile Background
  m_TagString: Untagged
  m_Icon: {fileID: 0}
  m_NavMeshLayer: 0
  m_StaticEditorFlags: 0
  m_IsActive: 1
--- !u!224 &1612806019
RectTransform:
  m_ObjectHideFlags: 0
  m_PrefabParentObject: {fileID: 22475170, guid: 00f0cb25747e6a9468720f3a5378c5cc,
    type: 2}
  m_PrefabInternal: {fileID: 825030900}
  m_GameObject: {fileID: 1612806018}
  m_LocalRotation: {x: 0, y: 0, z: 0, w: 1}
  m_LocalPosition: {x: 0, y: 0, z: 0}
  m_LocalScale: {x: 1, y: 1, z: 1}
  m_Children: []
  m_Father: {fileID: 410846085}
  m_RootOrder: 0
  m_AnchorMin: {x: 0, y: 0}
  m_AnchorMax: {x: 1, y: 1}
  m_AnchoredPosition: {x: 0, y: 0}
  m_SizeDelta: {x: 0, y: 0}
  m_Pivot: {x: .5, y: .5}
--- !u!114 &1612806020
MonoBehaviour:
  m_ObjectHideFlags: 0
  m_PrefabParentObject: {fileID: 11475170, guid: 00f0cb25747e6a9468720f3a5378c5cc,
    type: 2}
  m_PrefabInternal: {fileID: 825030900}
  m_GameObject: {fileID: 1612806018}
  m_Enabled: 1
  m_EditorHideFlags: 0
  m_Script: {fileID: -765806418, guid: f5f67c52d1564df4a8936ccd202a3bd8, type: 3}
  m_Name: 
  m_EditorClassIdentifier: 
  m_Material: {fileID: 0}
  m_Color: {r: 1, g: 1, b: 1, a: 1}
  m_Sprite: {fileID: 21300000, guid: ff189794bb5b2254892ba163d3c287c0, type: 3}
  m_Type: 0
  m_PreserveAspect: 0
  m_FillCenter: 1
  m_FillMethod: 4
  m_FillAmount: 1
  m_FillClockwise: 1
  m_FillOrigin: 0
--- !u!222 &1612806021
CanvasRenderer:
  m_ObjectHideFlags: 0
  m_PrefabParentObject: {fileID: 22275172, guid: 00f0cb25747e6a9468720f3a5378c5cc,
    type: 2}
  m_PrefabInternal: {fileID: 825030900}
  m_GameObject: {fileID: 1612806018}
--- !u!1 &1647462095
GameObject:
  m_ObjectHideFlags: 0
  m_PrefabParentObject: {fileID: 0}
  m_PrefabInternal: {fileID: 0}
  serializedVersion: 4
  m_Component:
  - 224: {fileID: 1647462096}
  m_Layer: 5
  m_Name: Board Tile Container
  m_TagString: Untagged
  m_Icon: {fileID: 0}
  m_NavMeshLayer: 0
  m_StaticEditorFlags: 0
  m_IsActive: 1
--- !u!224 &1647462096
RectTransform:
  m_ObjectHideFlags: 0
  m_PrefabParentObject: {fileID: 0}
  m_PrefabInternal: {fileID: 0}
  m_GameObject: {fileID: 1647462095}
  m_LocalRotation: {x: 0, y: 0, z: 0, w: 1}
  m_LocalPosition: {x: 0, y: 0, z: 0}
  m_LocalScale: {x: 1, y: 1, z: 1}
  m_Children:
  - {fileID: 410846085}
  m_Father: {fileID: 502145280}
  m_RootOrder: 0
  m_AnchorMin: {x: .5, y: .5}
  m_AnchorMax: {x: .5, y: .5}
  m_AnchoredPosition: {x: -199, y: 32}
  m_SizeDelta: {x: 150, y: 150}
  m_Pivot: {x: .5, y: .5}
--- !u!1 &2099788163
GameObject:
  m_ObjectHideFlags: 0
  m_PrefabParentObject: {fileID: 157282, guid: fa2839f967bfe824fb2e7bb107834320, type: 2}
  m_PrefabInternal: {fileID: 964803875}
  serializedVersion: 4
  m_Component:
  - 224: {fileID: 2099788167}
  - 222: {fileID: 2099788166}
  - 114: {fileID: 2099788165}
  - 114: {fileID: 2099788164}
  m_Layer: 5
  m_Name: Gutter Tile
  m_TagString: Untagged
  m_Icon: {fileID: 0}
  m_NavMeshLayer: 0
  m_StaticEditorFlags: 0
  m_IsActive: 1
--- !u!114 &2099788164
MonoBehaviour:
  m_ObjectHideFlags: 0
  m_PrefabParentObject: {fileID: 11457282, guid: fa2839f967bfe824fb2e7bb107834320,
    type: 2}
  m_PrefabInternal: {fileID: 964803875}
  m_GameObject: {fileID: 2099788163}
  m_Enabled: 1
  m_EditorHideFlags: 0
  m_Script: {fileID: 11500000, guid: e9490780a632af746807ad0d2e841c39, type: 3}
  m_Name: 
  m_EditorClassIdentifier: 
  DraggedTilePrefab: {fileID: 11467814, guid: db726217663a41e43ac3fb308f19b789, type: 2}
--- !u!114 &2099788165
MonoBehaviour:
  m_ObjectHideFlags: 0
  m_PrefabParentObject: {fileID: 11457284, guid: fa2839f967bfe824fb2e7bb107834320,
    type: 2}
  m_PrefabInternal: {fileID: 964803875}
  m_GameObject: {fileID: 2099788163}
  m_Enabled: 1
  m_EditorHideFlags: 0
  m_Script: {fileID: -765806418, guid: f5f67c52d1564df4a8936ccd202a3bd8, type: 3}
  m_Name: 
  m_EditorClassIdentifier: 
  m_Material: {fileID: 0}
  m_Color: {r: 1, g: 1, b: 1, a: 1}
  m_Sprite: {fileID: 21300024, guid: 3e30111917fc32446a5e48546adfbe87, type: 3}
  m_Type: 0
  m_PreserveAspect: 1
  m_FillCenter: 1
  m_FillMethod: 4
  m_FillAmount: 1
  m_FillClockwise: 1
  m_FillOrigin: 0
--- !u!222 &2099788166
CanvasRenderer:
  m_ObjectHideFlags: 0
  m_PrefabParentObject: {fileID: 22257282, guid: fa2839f967bfe824fb2e7bb107834320,
    type: 2}
  m_PrefabInternal: {fileID: 964803875}
  m_GameObject: {fileID: 2099788163}
--- !u!224 &2099788167
RectTransform:
  m_ObjectHideFlags: 0
  m_PrefabParentObject: {fileID: 22457282, guid: fa2839f967bfe824fb2e7bb107834320,
    type: 2}
  m_PrefabInternal: {fileID: 964803875}
  m_GameObject: {fileID: 2099788163}
  m_LocalRotation: {x: 0, y: 0, z: 0, w: 1}
  m_LocalPosition: {x: 0, y: 0, z: 0}
  m_LocalScale: {x: 1, y: 1, z: 1}
  m_Children: []
  m_Father: {fileID: 502145280}
  m_RootOrder: 2
  m_AnchorMin: {x: .5, y: .5}
  m_AnchorMax: {x: .5, y: .5}
  m_AnchoredPosition: {x: 147, y: 0}
  m_SizeDelta: {x: 100, y: 100}
  m_Pivot: {x: .5, y: .5}
